@online{isinghtml,
    author = "Qiskit",
    title  = "Max-Cut and Traveling Salesman Problem",
    url    = "https://qiskit-community.github.io/qiskit-optimization/tutorials/06_examples_max_cut_and_tsp.html",
}

@article{goewil,
    author  = "Michel X. Goemans, David P. Williamson",
    title   = "Improved Approximation Algorithms for Maximum Cut and Satisfiability Problems Using Semidefinite Programming",
    url     = "https://math.mit.edu/~goemans/PAPERS/maxcut-jacm.pdf",
    year    = "1995",
    journal = "MIT",
}

@article{intro_to_ugc,
    author  = "Lecturer: Aviad Rubinstein, Scribe: Wenzheng Li",
    title   = "Introduction to Unique Games Conjecture",
    url     = "https://web.stanford.edu/class/cs354/scribe/lecture07.pdf",
    journal = "Stanford University",
    year    = "2019",
}

@article{nesterov1998semidefinite,
  title={Semidefinite relaxation and nonconvex quadratic optimization},
  author={Nesterov, Yu},
  journal={Optimization methods and software},
  volume={9},
  number={1-3},
  pages={141--160},
  year={1998},
  publisher={Taylor \& Francis}
}

@article{ugc,
    author  = "Instructor: Irit Dinur and Amey Bhangale,  Scribe: Tom Ferster",
    title   = "MAXCUT approximation algorithm and UGC-hardness",
    url     = "https://www.wisdom.weizmann.ac.il/~dinuri/courses/19-inapprox/lec6.pdf",
    journal = "Weizmann Institute of Science, Faculty of Mathematics and Computer Science",
    year    = 2010, 
}

@book{coin,
    author = "Michael Mitzenmacher, Eli Upfal",
    title = "Probability and Computing",
    url = "https://www.cs.purdue.edu/homes/spa/courses/pg17/mu-book.pdf",
    publisher = "Cambridge University Press",
    year = 2005
}

@book{khot,
    author = "Subhash Khot, Guy Kindler, Elchanan Mossel and Ryan O'Donnell",
    title = "Probability and Computing",
    url = "https://www.cs.purdue.edu/homes/spa/courses/pg17/mu-book.pdf",
    publisher = "Cambridge University Press",
    year = 2005
}

@article{mincut,
    author = "Wikipedia",
    title  = "Minimum cut",
    url    = "https://www.cs.princeton.edu/courses/archive/spr04/cos226/lectures/maxflow.4up.pdf",
    journal = "cs.princeton.edu",
    year    = "2004",
}

@article{npcomplete,
    author  = "David Steurer",
    title   = "Reduction from 3 SAT to MAX CUT",
    url     = "https://www.cs.cornell.edu/courses/cs4820/2014sp/notes/reduction-maxcut.pdf",
    journal = "cs.cornell.edu",
    year    = "2014",
}

@online{frobenius,
    author = "Wikipedia",
    title  = "Frobenius inner product",
    url    = "https://en.wikipedia.org/wiki/Frobenius_inner_product",
}

@online{psd,
    author = "math.stackexchange.com",
    title  = "Decomposition of a positive semidefinite matrix",
    url    = "https://math.stackexchange.com/questions/1801403/decomposition-of-a-positive-semidefinite-matrix",
}

@article{laplacian,
    author = "Hanchen Li",
    title  = "Properties and Applications of Graph Laplacian",
    url    = "https://math.uchicago.edu/~may/REU2022/REUPapers/Li,Hanchen.pdf",
    journal = "mathematics.uchicago.edu",
    year    = 2022,
}

@online{minmax,
    title  = "Minimax Inequality",
    url    = "https://inst.eecs.berkeley.edu/~ee127/sp21/livebook/l_dual_weak_minimax.html",
}

@online{gradfree,
    author = "SimonBlanke",
    title  = "Gradient-Free-Optimizers",
    url    = "https://github.com/SimonBlanke/Gradient-Free-Optimizers",
}

@article{cmaes,
    author  = "Nikolaus Hansen Inria",
    title   = "The CMA Evolution Strategy: A Tutorial",
    url     = "https://arxiv.org/pdf/1604.00772",
    journal = "arxiv.org",
    year    = 2023,
}

@article{france,
    author  = "Willard I. Zangwill",
    title   = "Minimizing a function without calculating derivatives",
    url     = "https://www.ii.uib.no/~lennart/drgrad/Zangwill1967.pdf",
    journal = "Universitetet i Bergen",
    year    = 1967,
}

@article{tbpsa,
    author  = "Marie-Liesse Cauwet, Olivier Teytaud",
    title   = "Population Control meets Doob’s Martingale Theorems: the Noise-free Multimodal Case",
    url     = "https://arxiv.org/pdf/2005.13970",
    journal = "arxiv.org",
    year    = 2017,  
}

@online{de,
    author = "Wikipedia",
    title  = "Differential evolution",
    url    = "https://en.wikipedia.org/wiki/Differential_evolution",
}

@article{treewidth,
    author = "Gerrod Voigt",
    title  = "Tree Decompositions, Treewidth, and NP-Hard Problems",
    url    = "https://math.mit.edu/~apost/courses/18.204-2016/18.204_Gerrod_Voigt_final_paper.pdf",
    journal = "math.mit.edu",
    year    = "2016",
}

@online{biqmac,
    author = "Angelika Wiegele",
    title  = "Biq Mac Library",
    url    = "http://bqp.cs.uni-bonn.de/library/html/instances.html",
    year   = 2007,
}

@article{bounded,
    author = "Hauke Brinkop and Klaus Jansen",
    title = "Solving Cut-Problems in Quadratic Time for Graphs With Bounded Treewidth",
    journal = "arxiv.org",
    year    = 2012, 
}

%%%%%%%%%%%%%%%%%%%%%%%%%%%%%%%%%%%%%%%%%%%%%%%%%%

@article{wisconsin,
    author  = "Jin-Yi Cai, Christopher Hudzik, Sarah Knoop",
    title   = "Goemans-Williamson MAXCUT Approximation Algorithm",
    url     = "https://pages.cs.wisc.edu/~jyc/02-810notes/lecture20.pdf",
    journal = "The Department of Computer Science at University of Wisconsin–Madison",
    year    = "2003",
}

@article{goa,
    author  = "Lecture by Divya Padmanabhan, Scribe: Sreejith",
    title   = "0.878-approximation for the Max-Cut problem",
    url     = "https://www.iitgoa.ac.in/~sreejithav/misc/maxcut.pdf",
    journal = "Indian Institute Of Technology Goa",
    year    = 2024,
}

@article{dartmouth,
    author  = "Lecture notes by Deeparnab Chakrabarty",
    title   = "SDPs, Max Cut, and Goemans Williamson",
    url     = "https://cs.dartmouth.edu/~deepc/LecNotes/Appx/11b.%20SDP%20-%20Goemans-Williamson.pdf",
    journal = "The Department of Computer Science at Dartmouth College",
    year = 2022
}

@article{poly,
    author  = "F. Rendl, G. Rinaldi, A. Wiegele",
    title   = "Solving Max-Cut to Optimality by Intersecting Semidefinite and Polyhedral Relaxations",
    url     = "https://biqmac.aau.at/rrw_plain.pdf",
    year    = 2008,
}

@article{utah,
    author  = "Aditya Bhaskara",
    title   = "SDP relaxation for Max Cut",
    url     = "https://users.cs.utah.edu/~bhaskara/courses/x968/notes/lec14.pdf",
    journal = "University of Utah School of Computing",
    year    = 2016,
}

@article{mit,
    title   = "Approximation Algorithms and Max-Cut",
    url     = "https://ocw.mit.edu/courses/18-s096-topics-in-mathematics-of-data-science-fall-2015/42b684e2e69fb3bacb04c5e39090573c_MIT18_S096F15_Ses21.pdf",
    journal = "MIT OpenCourseWare",
    year = 2015,
}

@article{waterlo,
    author  = "Rafael Oliveira", 
    title   = "Semidefinite Programming Relaxation and
MAX-CUT",
    url     = "https://cs.uwaterloo.ca/~r5olivei/courses/2020-fall-cs466/lecture17-SDP-relaxation-max-cut.pdf",
    journal = "University of Waterloo
Cheriton School of Computer Science",
    year = 2020,
}

@article{princeton,
    author  = "Sanjeev Arora, Elad Hazan, Satyen Kale", 
    title   = "Fast Algorithms for Approximate Semidefinite Programming using the Multiplicative Weights Update Method",
    url     = "https://www.cs.princeton.edu/~arora/pubs/mw-focs.pdf",
    journal = "Computer Science Department, Princeton University",
    year    = 2006,
}
